@misc{therapy,
title = {{Targeted Therapy for Melanoma Skin Cancer}},
note = {on-line at: \url{https://www.cancer.org/cancer/melanoma-skin-cancer/treating/targeted-therapy.html}},
    author = {American Cancer Society},
    year = {2018}
}

@article{encr,
    author = {European Network of Cancer Registries},
    citeulike-article-id = {95399},
    url={https://www.encr.eu/sites/default/files/factsheets/ENCR_Factsheet_Malignant_Melanoma_2015.pdf},
    posted-at = {2015-04-01},
    journal = {ENCR},
    title = {{Malignant Melanoma of the Skin (MM) FactSheet}},
    year = {2015}
}

@article{braf,
    author = {Jacek Mackiewicz, Andrzej Mackiewicz},
    citeulike-article-id = {29628797},
    url={https://www.ncbi.nlm.nih.gov/pmc/articles/PMC5885075/},
    posted-at = {2018-03-05},
    title = {{BRAF and MEK inhibitors in the era of immunotherapy in melanoma patients}},
    journal = {Contemporary Oncology},
    year = {2018}
}

@article{zscore,
    author = {Alexander E. Curtis, Tanya A. Smith, Bulat A. Ziganshin, John A. Elefteriades},
    citeulike-article-id = { 28097194},
    journal = {AORTA},
    url={https://www.ncbi.nlm.nih.gov/pmc/articles/PMC5217729/},
    posted-at = {2016-08-01},
    title = {{The Mystery of the Z-Score}},
    year = {2015}
}

@misc{zastupljenost,
title = {{Cancer}},
note = {on-line at: \url{https://www.who.int/news-room/fact-sheets/detail/cancer}},
    author = {World Health Organisation},
    year = {2018}
}

@book{classification,
  title={{Data Classification: Algorithms and Applications}},
  author={Charu C. Aggarwal},
  isbn={9781466586741},
  year={2014},
  publisher={Chapman and Hall/CRC},
}